<record><leader>00000cas a22000007a 4500</leader><controlfield tag="001">15159337</controlfield><controlfield tag="008">870206d19511984inuwr ne      0    0eng d</controlfield><datafield ind1=" " ind2=" " tag="010"><subfield code="a">sn 87055210 </subfield></datafield><datafield ind1=" " ind2=" " tag="040"><subfield code="a">NPI</subfield><subfield code="b">eng</subfield><subfield code="c">NPI</subfield><subfield code="d">OCLCQ</subfield></datafield><datafield ind1=" " ind2=" " tag="042"><subfield code="a">msc</subfield></datafield><datafield ind1="0" ind2="0" tag="245"><subfield code="a">Tri-county truth.</subfield></datafield><datafield ind1=" " ind2=" " tag="260"><subfield code="a">Churubusco, Ind. :</subfield><subfield code="b">James H. Kirtley,</subfield><subfield code="c">1951-1984.</subfield></datafield><datafield ind1=" " ind2=" " tag="310"><subfield code="a">Weekly</subfield></datafield><datafield ind1="0" ind2=" " tag="362"><subfield code="a">Vol. 67, no. 34 (Aug. 23, 1951)-v. 100, no. 44 (Nov. 1, 1984).</subfield></datafield><datafield ind1=" " ind2=" " tag="752"><subfield code="a">United States</subfield><subfield code="b">Indiana</subfield><subfield code="c">Whitley</subfield><subfield code="d">Churubusco.</subfield></datafield><datafield ind1="0" ind2="0" tag="780"><subfield code="t">Churubusco truth</subfield><subfield code="w">(DLC)sn 87055211</subfield></datafield><datafield ind1="0" ind2="0" tag="785"><subfield code="t">Churubusco tri-county truth</subfield><subfield code="w">(DLC)sn 87055209</subfield></datafield></record>